4656 5644
1869 347 1891 426 9

206 555 373 651 suscipere
410 555 561 632 videmus
598 555 674 652 qui,
706 553 790 632 'oum
827 556 935 632 virum
972 579 1082 634 amore
1118 563 1357 654 prosequatur,
1397 557 1469 656 ipse
1501 560 1542 635 ab
1578 580 1615 634 eo
1644 559 1747 636 amari
1775 561 1898 656 cupiet.

206 691 365 784 Sequitur
391 692 485 765 loeus
513 691 582 784 qui,
618 693 832 784 quantumuis
857 715 975 786 operae
1007 694 1044 766 iu
1071 713 1108 768 eo
1137 695 1308 768 enodando
1337 699 1570 788 consumptum
1597 695 1651 783 sit,
1678 693 1814 770 minime
1841 717 1900 769 ex·

207 825 341 918 peditus
369 824 413 896 sit
441 829 541 916 atque
577 825 779 898 intellectus.
834 825 884 900 Ao
920 825 1063 918 primum
1098 828 1233 920 quidem
1269 851 1299 898 v.
1330 829 1405 900 513
1442 849 1510 900 non
1547 828 1654 900 solum
1682 829 1779 902 metri
1815 827 1898 900 uitio

205 958 351 1045 laborat,
388 959 446 1029 sed
482 958 582 1030 etiam
619 979 703 1049 quae
732 957 800 1030 siut
827 953 944 1052 λύχνα
972 960 1046 1051 (qui
1073 961 1217 1052 pluralis
1245 963 1296 1033 est
1323 956 1544 1057 trepidaturos
1570 959 1725 1033 vocabuli
1745 955 1899 1070 λύχνος)

207 1111 418 1182 nequaquem
446 1091 534 1162 omni
562 1095 724 1182 exparte
761 1090 931 1184 cognitum
967 1095 1026 1164 est.
1081 1093 1155 1165 Hoc
1189 1115 1294 1164 uuum
1329 1092 1436 1184 primo
1476 1093 1596 1164 obtutu
1631 1092 1755 1185 liquet,
1796 1091 1900 1166 umbi-

207 1221 370 1314 guitatem
398 1242 469 1294 osse
488 1221 522 1293 in
542 1224 604 1294 hoc
622 1223 756 1294 nomino
784 1227 818 1294 et
844 1222 954 1314 ipsum
982 1225 1118 1296 chorum
1147 1220 1265 1318 λύχνα
1293 1223 1447 1296 titionem
1473 1223 1670 1317 intellegere
1700 1247 1764 1316 quo
1784 1229 1900 1316 postea

208 1353 359 1446 Cyclopis
394 1355 511 1426 oculus
545 1353 710 1440 erundum
752 1355 810 1426 sed
849 1355 929 1446 quid
956 1355 1197 1449 Polyphemum
1234 1355 1380 1450 cogitare
1416 1355 1500 1427 uelit
1525 1355 1661 1428 minime
1690 1357 1898 1448 exploratum

207 1489 265 1558 est
321 1485 458 1578 Proprie
496 1487 582 1559 faces
617 1486 786 1578 nuptiales
823 1487 991 1580 designari
1027 1487 1222 1580 plerumque
1259 1489 1395 1574 uolunt,
1432 1509 1514 1579 quas
1549 1488 1585 1560 in
1619 1487 1748 1580 nuptiis
1775 1493 1898 1562 matres

205 1617 416 1710 potissimum
443 1639 555 1690 eorum
584 1618 641 1710 qui
668 1618 877 1690 matrimonio
893 1595 896 1602 ¹
914 1619 1140 1713 iungebantur
1176 1620 1332 1692 videntur
1359 1619 1477 1692 tuhsse
1505 1621 1559 1710 tol.
1588 1620 1727 1694 Beckeri
1755 1620 1896 1694 Charicl.

207 1751 256 1823 ed.
285 1751 390 1822 Goell.
418 1751 472 1823 Ill
509 1773 541 1843 p.
571 1747 645 1822 372
675 1772 723 1841 sq.
777 1751 970 1824 Bluemneri
998 1749 1136 1844 Antiqu.
1173 1752 1257 1845 priv.
1293 1753 1407 1825 Graec.
1443 1775 1475 1844 p.
1506 1749 1578 1825 274
1609 1755 1682 1844 sq).
1738 1753 1804 1825 Sed
1840 1753 1897 1844 qui

206 1884 261 1958 hic
287 1887 429 1956 matrum
457 1882 531 1954 loco
560 1883 646 1954 laces
683 1881 853 1974 nuptiales
889 1885 1016 1956 ferenti
1070 1883 1116 1954 Et
1150 1883 1209 1956 uhi
1244 1887 1294 1955 est
1327 1905 1449 1975 sponsa
1485 1905 1584 1975 quam
1611 1885 1835 1978 Polyphemus
1862 1885 1898 1960 in

206 2015 455 2089 nratrimonium
482 2015 603 2088 ducati
657 2015 747 2086 Num
774 2014 845 2106 ipse
873 2013 1011 2108 eyuops
1040 2016 1079 2086 de
1106 2013 1176 2087 suis
1203 2015 1330 2107 nuptiis
1358 2015 1503 2108 cogitare
1536 2017 1670 2108 potestt
1725 2017 1790 2090 Sed
1817 2017 1898 2090 licet
2012 2005 2016 2016 ’

205 2148 321 2240 possit,
359 2151 470 2220 tarnou
497 2147 635 2219 inutiles
663 2151 743 2218 suut
770 2146 1015 2220 emendationes
1041 2147 1077 2218 iu
1105 2168 1176 2218 eam
1204 2147 1404 2219 senteutiam
1431 2146 1630 2239 propositae.
1684 2148 1897 2222 Hermanuus

206 2275 322 2372 λύχνα
351 2276 385 2350 δ’
414 2279 568 2372 α’,ιιμένει
596 2275 674 2350 doci
702 2275 768 2350 σὸν
792 2274 889 2370 χρόα
918 2277 973 2350 α’·
1017 2276 1066 2361 ὡς
1102 2278 1243 2374 τέρεινα
1280 2275 1414 2375 νύμφα
1441 2307 1474 2352 κ.
1502 2307 1534 2351 τ.
1563 2287 1594 2350 λ.
1632 2279 1765 2372 scripsit
1792 2303 1896 2374 eaque

208 2410 255 2483 sio
282 2410 538 2502 interpretetur:
584 2410 793 2482 lucernae
827 2413 871 2482 te
906 2415 1089 2503 propter
1126 2411 1299 2482 formam
1336 2415 1449 2482 tuam
1486 2415 1767 2504 exspectant;
1803 2435 1895 2487 nam

206 2543 330 2614 intus
358 2545 425 2614 est
451 2541 495 2613 iu
524 2545 648 2614 antro
675 2547 817 2614 tenera
845 2564 1016 2634 sponsa.
1073 2543 1139 2615 Sed
1168 2543 1330 2634 quemodo
1358 2544 1444 2616 faces
1471 2543 1640 2634 nuptiales
1668 2545 1732 2618 dici
1756 2553 1897 2638 pessunt

205 2678 341 2766 propter
368 2675 505 2746 formam
532 2675 677 2765 aliquem
705 2677 918 2765 exspectaret
974 2675 1076 2766 Quasi
1109 2695 1187 2747 uero
1221 2673 1334 2766 sponsi
1368 2675 1583 2768 pulchritudo
1621 2697 1720 2750 causa
1756 2678 1804 2750 sit
1837 2701 1928 2766 our,

206 2807 293 2878 taces
320 2805 355 2877 iu
384 2805 510 2897 nuptiis
538 2807 774 2893 accendantur,
808 2829 875 2877 non
903 2806 1086 2878 eommunis
1113 2809 1147 2878 ct
1173 2805 1303 2898 patrius
1330 2829 1411 2878 mos.
1465 2807 1511 2878 m
1538 2807 1567 2878 si
1595 2807 1656 2880 illa
1683 2831 1782 2882 causa
1809 2816 1896 2883 esset

206 2959 264 3009 cur
291 2937 557 3022 accenderentur,
584 2937 825 3028 turpitudinem
854 2937 967 3030 sponsi
996 2960 1127 3010 causam
1155 2960 1227 3011 osse
1255 2941 1421 3030 oporteret
1449 2961 1507 3011 cur
1533 2962 1600 3012 nou
1628 2943 1895 3014 accenderentur.

206 3069 292 3141 Tum
318 3089 396 3140 uero
424 3069 512 3140 uude
539 3067 574 3139 iu
602 3073 735 3140 antrum
763 3069 874 3142 subito
903 3091 1057 3162 sponsam
1084 3071 1286 3143 inuolauisso
1315 3092 1522 3160 censeamus,
1558 3073 1653 3144 ouius
1680 3072 1728 3145 ibi
1756 3093 1896 3146 eommo-

206 3201 311 3273 rantis
338 3199 374 3271 iu
402 3203 472 3272 tota
499 3199 630 3291 reliqua
656 3201 769 3273 tabula
795 3223 857 3274 nec
884 3201 961 3274 vola
987 3223 1048 3275 uec
1075 3202 1255 3295 uestigium
1282 3203 1392 3274 iussit
1447 3203 1493 3274 Et
1529 3203 1600 3296 ipse
1628 3205 1787 3298 cyclops,
1827 3207 1895 3298 qui,

205 3355 280 3405 cum
306 3333 428 3404 laetam
455 3331 558 3402 sitam
587 3354 685 3423 quam
713 3332 748 3403 in
776 3338 872 3406 antro
892 3338 1007 3426 ageret
1025 3357 1057 3404 u.
1078 3336 1279 3406 323-341
1306 3341 1466 3420 narraret,
1494 3336 1643 3408 mulieris
1665 3359 1707 3408 ne
1726 3337 1895 3410 minimam

205 3463 337 3556 quidem
365 3463 444 3535 feeit
471 3463 681 3552 merrticnem,
723 3468 885 3556 quomodo
913 3468 1046 3538 tandem
1075 3466 1204 3558 opinari
1231 3471 1342 3557 potest
1369 3467 1514 3558 puellrmr
1543 3467 1606 3539 sihi
1635 3468 1833 3540 destinatum
1861 3470 1896 3541 iu

204 3600 300 3667 antro
328 3595 466 3666 adesset
519 3595 636 3686 Neque
663 3597 727 3669 hoc
754 3597 785 3668 ei
811 3597 847 3668 iu
874 3598 962 3669 votis
990 3601 1058 3684 est,
1101 3597 1257 3688 quoniam
1285 3621 1305 3670 a
1331 3598 1508 3670 mulierum
1544 3621 1653 3672 amore
1688 3600 1896 3674 sectionum

205 3748 276 3800 esso
303 3731 419 3820 postea
445 3730 491 3817 tv.
513 3729 587 3799 5823
610 3731 674 3819 sq.)
702 3729 878 3801 confitetur
904 3729 1015 3802 ver-uis
1042 3726 1181 3822 ἥδομαι
1208 3727 1252 3802 ds‘
1275 3759 1353 3812 πως
1376 3771 1413 3780 -
1440 3737 1517 3812 ταῖς
1535 3727 1734 3804 ααιύικαῖσι
1755 3739 1897 3826 μᾶλλον

203 3856 227 3951 ἢ
260 3865 336 3940 τοῖς
369 3854 533 3951 θήλεσιν.
597 3860 774 3932 Praeterea
809 3881 849 3931 ex
886 3860 1023 3954 tragicis
1060 3863 1164 3934 forma
1199 3859 1278 3934 διαί
1314 3862 1405 3936 solus
1441 3861 1627 3956 Aeschylus
1661 3863 1788 3952 utitur,
1828 3887 1896 3937 nou

206 3991 389 4082 Sophocles
416 3994 475 4062 aut
493 3990 683 4082 Euripides,
711 3994 745 4064 et
772 3991 881 4084 ipsum
904 3987 1007 4088 χρώς
1033 4015 1197 4084 nusquam
1224 3995 1507 4086 pulchritudinem
1532 3995 1708 4088 siguificat.
1762 3997 1897 4070 Violen-

203 4122 269 4194 tior
304 4143 365 4195 neo
401 4122 518 4194 melior
546 4127 596 4194 est
623 4123 821 4216 Hariuugii·
840 4123 982 4196 mutatio
1010 4120 1127 4218 λύχνα
1155 4122 1236 4198 doio'
1266 4127 1422 4223 ἀμμένει
1449 4125 1517 4201 σὸν
1539 4123 1636 4222 χρόα
1664 4125 1726 4200 καὶ
1753 4127 1895 4224 τέρεινα

202 4249 335 4350 νύμφα
373 4251 563 4348 ύροσερῶν
600 4256 744 4329 ἔσωθεν
782 4255 944 4350 ἄντρων.
999 4257 1040 4329 Iu
1077 4258 1199 4350 quibus
1235 4258 1400 4350 τέρειναν
1428 4257 1585 4356 νύμᾳαν
1613 4259 1713 4332 simul
1741 4261 1897 4354 glabrum

200 4385 314 4476 palum
352 4386 508 4479 ambiguo
543 4387 689 4459 indicare
726 4388 785 4460 ille
820 4393 919 4480 putet
955 4412 1019 4481 quo
1048 4389 1200 4482 Cyclopis
1228 4391 1344 4464 oculus
1372 4393 1625 4486 exstinguatur,
1667 4415 1765 4486 quum
1793 4395 1897 4468 ambi·

199 4516 364 4608 gnitatem
391 4539 487 4591 nemo
515 4519 581 4591 uisi
610 4520 653 4592 ab
681 4519 865 4612 interprete
892 4521 1142 4594 ultramodum
1172 4523 1283 4618 sagaci
1310 4523 1457 4596 monitus
1490 4525 1668 4618 intellegit.
1723 4525 1899 4598 Praeterea

196 4643 302 4730 ύύιος
339 4647 369 4722 ei
407 4655 457 4722 est
492 4651 674 4737 ardeus,
716 4673 790 4723 rum
825 4675 891 4742 qua
919 4653 1161 4746 significatione
1188 4656 1251 4726 hoc
1280 4654 1498 4742 eductivum,
1540 4656 1609 4730 siue
1638 4679 1658 4730 a
1685 4653 1754 4752 δᾴς
1781 4659 1897 4732 siuoa

196 4778 291 4854 ύαίω
325 4781 503 4874 derivatur,
534 4783 614 4856 alibi
643 4806 709 4856 nou
739 4787 859 4856 exstat.
915 4785 979 4856 Sed
1008 4785 1137 4859 etiamsi
1165 4785 1200 4858 in
1229 4785 1374 4880 singulis
1401 4787 1513 4860 nortus
1540 4787 1627 4861 nihil
1655 4794 1743 4862 esset
1768 4789 1802 4862 iu
1831 4813 1896 4883 quo
