4656 5644
432 347 456 420 8

428 560 563 634 Kuehn.
592 559 647 633 Gr.
674 579 761 632 max.
789 559 811 650 g
841 559 926 647 528,
957 559 998 646 2;
1043 561 1116 631 tum
1147 555 1249 632 etiam
1283 557 1455 652 sequentia
1482 560 1601 649 rerba,
1639 581 1714 634 ourn
1741 561 1949 636 aecusativus
1976 557 2119 661 σκάφας

428 716 503 767 eum
528 688 719 793 χεμισθείς
754 691 944 785 iungendos
971 691 1033 780 sit,
1069 692 1203 764 inversa
1229 695 1309 764 sunt
1334 713 1394 785 pro
1422 689 1472 776 ὥς
1499 690 1608 776 ὁλκὰς
1635 689 1778 792 σκάφος
1803 693 2016 796 χεμισθείς,·
2060 720 2119 790 po-

429 829 551 898 stremo
594 825 886 898 animadvertenda
929 827 981 896 est
1013 823 1165 918 uulgaris
1200 823 1362 898 sermonis
1395 823 1566 898 rusticitas
1601 826 1644 898 ad
1684 827 1931 919 exprimendam
1967 828 2119 922 Cyclopis

430 955 671 1031 immanitatem
697 957 957 1044 adcommodata,
991 978 1090 1050 quarn
1115 955 1211 1030 name
1239 955 1407 1030 onerariae
1433 955 1643 1050 potissimum
1670 959 1869 1052 comparatio
1896 962 1931 1032 et
1957 961 2118 1053 pabulum

431 1086 594 1186 (χόρτος)
621 1111 681 1183 pro
709 1090 782 1162 oibo
810 1087 936 1186 diotium
963 1089 1018 1181 (of.
1046 1083 1198 1162 δούλιον
1220 1085 1361 1183 χόρτον
1387 1088 1423 1160 in
1450 1088 1671 1184 Hipponactis
1698 1091 1815 1185 fragm.
1835 1093 1900 1182 35)
1927 1094 2116 1164 ostendunt.

535 1221 691 1296 Maximis
718 1221 973 1296 difficultatibus
1000 1220 1100 1294 tertia
1126 1222 1264 1313 stropha
1290 1219 1451 1313 impedita
1477 1225 1544 1294 est:

851 1349 967 1426 καλὸν
993 1353 1160 1448 ὄμμασιν
1186 1349 1372 1448 δεδορκώς
1829 1354 1904 1427 510

851 1481 962 1567 καλὰς
988 1487 1121 1580 ἐκπερᾷ
1147 1480 1362 1579 μελάθρων.

852 1609 947 1652 ***
974 1605 1075 1714 φιλεῗ
1097 1645 1152 1699 τις
1177 1615 1285 1713 ἡμᾶς.

851 1743 969 1842 λύχνα
995 1744 1032 1821 δ’
1059 1747 1216 1844 ἀμμένει
1242 1743 1331 1822 odra
1358 1745 1427 1822 σὸν

847 1876 944 1974 χρόα
967 1877 1045 1973 χῶς
1071 1879 1213 1976 τέρεινα
1239 1874 1373 1976 νύμφα

851 2007 1042 2107 δροσερῶν
1068 2012 1213 2084 ἔσωθεν
1239 2011 1399 2106 ἄντρων.

851 2138 1051 2238 στεφάνων
1076 2139 1116 2216 θ’
1145 2140 1189 2215 οὗ
1215 2139 1285 2239 μία
1308 2139 1417 2239 χροιᾶ

851 2271 933 2370 περὶ
960 2270 1028 2346 σὸν
1053 2281 1174 2368 κρᾶτα
1199 2269 1279 2368 τάχ’
1308 2271 1518 2372 ἑξομιλήσει.

537 2409 579 2482 ln
596 2409 701 2482 altero
718 2406 821 2480 huius
842 2405 999 2499 strophae
1016 2426 1115 2480 uersu
1131 2402 1241 2488 καλὸς
1267 2429 1326 2500 pro
1354 2405 1469 2480 καλὸν
1495 2406 1643 2482 restituit
1662 2407 1821 2502 Scaliger,
1848 2408 1884 2482 in
1910 2409 2114 2502 paenultima

427 2538 537 2638 χροιὰ
565 2563 625 2634 pre
647 2535 745 2636 χρόα
763 2539 953 2613 Barnesius.
1006 2538 1191 2612 Haeremus
1218 2537 1331 2612 statim
1357 2537 1393 2611 in
1420 2539 1564 2612 seeundo
1591 2560 1698 2612 rersu.
1753 2539 1835 2632 Quis
1860 2541 1949 2615 enim
1967 2563 2009 2614 ex
2026 2547 2114 2616 tecto

430 2673 561 2766 proditi
605 2673 728 2746 Utinm
754 2671 807 2744 vir
833 2693 876 2744 an
901 2691 985 2762 puer
1011 2670 1052 2743 de
1079 2669 1201 2763 quibus
1228 2673 1326 2744 autea
1353 2671 1473 2742 ahorne
1500 2670 1607 2742 dixitl
1651 2672 1787 2760 Neuter,
1815 2673 1873 2745 sed
1900 2673 2048 2766 Cyclope,
2075 2679 2115 2745 ut

431 2827 473 2878 ex
499 2827 530 2876 v,
550 2804 626 2878 490
648 2809 768 2899 χωρεῖ
790 2799 974 2898 πετρίνων
1001 2803 1068 2886 ἐξω
1094 2796 1299 2897 μελάθρων
1324 2801 1543 2897 intellegitur.
1598 2803 1671 2876 Hoo
1696 2807 1869 2877 autemut
1894 2803 1977 2898 ipsis
2004 2805 2115 2878 serbis

430 2936 604 3030 perspicue
630 2935 854 3030 significatum,
890 2936 1041 3029 ἐκπερᾷς
1076 2931 1286 3007 scribendum
1319 2937 1380 3007 est.
1433 2933 1579 3007 Simulat
1611 2934 1717 3028 igitur
1743 2938 1864 3009 ahenis
1897 2955 1932 3010 se
1958 2935 2115 3010 admirari

429 3068 626 3162 Polyphemi
653 3067 899 3155 formositatem,
932 3086 1030 3159 quem
1056 3063 1241 3138 vinolentia
1266 3064 1491 3158 pulchriorem
1517 3066 1707 3140 reddiderit.
1760 3067 1972 3160 Insequentis
1998 3089 2115 3141 versus

429 3200 584 3274 laeunam
610 3200 659 3273 sie
686 3199 834 3293 explevit
854 3199 1081 3271 Hermannus:
1106 3195 1233 3294 (φίλος
1260 3193 1335 3291 ὢν)
1360 3203 1461 3294 φιλεῖ
1483 3226 1537 3280 τις
1563 3196 1670 3296 ἡμᾶς.
1726 3199 1792 3272 Sed
1819 3199 1895 3292 quis
1921 3220 1978 3272 eos
2004 3201 2114 3273 amatl

430 3329 484 3405 An
512 3331 673 3426 Cyelopsl
718 3332 785 3405 Sed
811 3331 899 3404 unde
933 3332 997 3405 hoe
1029 3331 1149 3403 chorus
1180 3327 1295 3402 noritl
1339 3330 1481 3402 Nullum
1514 3328 1586 3402 eius
1620 3329 1669 3402 rei
1703 3330 1812 3404 adhue
1847 3331 1912 3404 fuit
1944 3331 2112 3406 indicium.

429 3461 484 3536 An
511 3463 611 3559 fingit
637 3464 790 3536 tautuml
835 3463 901 3536 Sed
929 3463 1090 3555 quomodo
1118 3461 1190 3534 eius
1216 3461 1265 3535 rei
1291 3461 1389 3534 fidem
1416 3460 1516 3535 faciat
1541 3461 1763 3555 Polyphemo,
1799 3464 1922 3556 quippe
1958 3463 2016 3556 qui
2042 3464 2114 3556 ipse

430 3595 554 3690 optime
581 3595 665 3670 neiat
696 3599 810 3668 utrum
837 3615 913 3668 eurn
946 3598 1034 3667 amet
1066 3595 1191 3668 neenel
1235 3594 1306 3667 Nee
1340 3593 1483 3666 muultum
1518 3594 1560 3667 ad
1595 3593 1761 3667 tollendas
1794 3595 1856 3667 has
1889 3595 2115 3668 dubitationes

430 3727 620 3821 proficitur,
661 3727 706 3816 si,
745 3729 785 3798 ut
811 3747 832 3799 a
857 3726 1030 3800 nonnullis
1056 3726 1112 3814 fit,
1151 3725 1223 3819 ipse
1251 3726 1372 3800 ehorus
1398 3725 1554 3820 ambigue
1589 3726 1630 3800 de
1657 3725 1758 3800 Ulixe
1792 3726 1938 3821 negitare
1964 3731 2114 3820 putatur,

431 3880 505 3932 eum
523 3857 765 3952 Polyphemum
783 3859 824 3932 de
851 3880 886 3931 se
913 3857 985 3951 ipso
1012 3860 1095 3931 haee
1120 3857 1224 3931 rerba
1249 3856 1397 3951 aeuipere
1424 3857 1516 3930 velit
1570 3858 1617 3931 Et
1638 3859 1718 3932 lieet
1735 3859 1960 3953 Polyphemus
1978 3859 2113 3952 Satyros

429 3991 698 4064 adulescentulos
724 4011 834 4064 amare
860 3989 943 4084 ipsis
969 3989 1025 4062 his
1050 3989 1162 4064 verbis
1189 3989 1255 4065 diei
1281 3989 1406 4085 pessit,
1438 4012 1506 4064 nen
1532 3989 1672 4064 idoneus
1697 3990 1799 4063 huius
1826 3989 2011 4064 sententiae
2038 4011 2113 4063 eum

430 4121 599 4218 superiore
625 4125 677 4196 est
703 4143 858 4197 annexus.
911 4123 999 4196 Nam
1025 4120 1200 4195 admiratio
1226 4121 1487 4214 pulchritudinis
1513 4144 1580 4196 non
1608 4143 1707 4196 causa
1734 4126 1785 4196 est
1802 4142 1862 4195 eur
1880 4119 1956 4213 quis
1974 4124 2113 4208 ametur,

430 4255 488 4328 sed
515 4275 574 4328 cnr
601 4259 698 4328 amet.
751 4253 870 4347 Itaque
896 4275 1029 4328 neeesse
1056 4258 1108 4327 est
1135 4254 1255 4327 chorus
1288 4255 1483 4347 profiteatur
1516 4277 1551 4328 se
1587 4254 1697 4347 ipsum
1723 4256 1859 4348 propter
1885 4253 2114 4326 admirabilem

428 4386 624 4480 Polyphemi
650 4385 934 4479 pulchritudinem
968 4386 1069 4458 huius
1104 4406 1215 4458 amore
1252 4386 1367 4458 teneri.
1428 4387 1522 4459 Haee
1554 4391 1665 4460 autern
1700 4386 1866 4458 sententia
1901 4385 1949 4460 sie
1985 4385 2114 4458 eradit:

428 4517 563 4616 (καλὸν
584 4511 673 4610 οὖν)
698 4521 818 4614 φιλεῖν
836 4515 872 4590 τί
890 4515 921 4592 o‘
939 4514 1049 4614 ἡμᾶς,
1076 4516 1136 4590 ubi
1154 4515 1252 4612 ἡμᾶς
1279 4517 1465 4592 suhieetum
1492 4523 1544 4591 est
1570 4522 1604 4592 et
1630 4546 1666 4590 τι
1683 4539 1750 4589 nou
1777 4517 2030 4611 paululum,
2058 4518 2117 4590 sed

425 4647 611 4722 multum
646 4649 738 4724 valet
771 4650 908 4743 perinde
944 4653 1045 4741 atque
1071 4648 1107 4720 in
1134 4647 1251 4749 λέγειν
1278 4678 1334 4736 aa,
1370 4654 1488 4722 ποιεῖν
1514 4679 1569 4736 τι,
1608 4648 1785 4722 similibus.
1839 4649 1947 4722 Shnul
1974 4647 2116 4742 repetito

423 4779 538 4856 καλόν
565 4785 682 4878 gratus
709 4782 886 4854 uerborum
913 4781 1009 4854 lusus
1036 4781 1196 4870 efficitur,
1238 4784 1272 4854 et
1298 4785 1412 4874 aperte
1438 4781 1504 4856 iam
1533 4781 1713 4854 iuuenilem
1741 4783 1877 4855 chorum
1905 4781 1978 4854 eius
2004 4785 2117 4874 partes
