<?xml version="1.0" encoding="UTF-8"?>
<!DOCTYPE html PUBLIC "-//W3C//DTD XHTML 1.0 Transitional//EN"
    "http://www.w3.org/TR/xhtml1/DTD/xhtml1-transitional.dtd">
<html xmlns="http://www.w3.org/1999/xhtml" xml:lang="en" lang="en">
 <head>
  <title>
</title>
<meta http-equiv="Content-Type" content="text/html;charset=utf-8" />
  <meta name='ocr-system' content='tesseract 3.04.00' />
  <meta name='ocr-capabilities' content='ocr_page ocr_carea ocr_par ocr_line ocrx_word'/>
</head>
<body>
  <div class='ocr_page' id='page_1' title='image "./dehyporchematea00stahgoog_0008.png"; bbox 0 0 4656 5644; ppageno 0'>
   <div class='ocr_carea' id='block_1_1' title="bbox 667 1113 1320 1264">
    <p class='ocr_par' dir='ltr' id='par_1_1' title="bbox 667 1113 1320 1264">
     <span class='ocr_line' id='line_1_1' title="bbox 667 1113 1320 1264; baseline 0.002 -2"><span class='ocrx_word' id='word_1_1' title='bbox 667 1255 671 1262; x_wconf 84' lang='lat'><em>.</em></span> <span class='ocrx_word' id='word_1_2' title='bbox 809 1113 1320 1264; x_wconf 59' lang='lat' dir='ltr'><strong>noo&#39;roernnun</strong></span> 
     </span>
    </p>
   </div>
   <div class='ocr_carea' id='block_1_2' title="bbox 431 1345 1696 1748">
    <p class='ocr_par' dir='ltr' id='par_1_2' title="bbox 431 1345 1696 1748">
     <span class='ocr_line' id='line_1_2' title="bbox 431 1345 1696 1586; baseline 0.001 -42"><span class='ocrx_word' id='word_1_3' title='bbox 431 1345 962 1586; x_wconf 82' lang='lat' dir='ltr'><strong>onoronrs</strong></span> <span class='ocrx_word' id='word_1_4' title='bbox 1029 1397 1152 1543; x_wconf 84' lang='lat' dir='ltr'><strong>no</strong></span> <span class='ocrx_word' id='word_1_5' title='bbox 1224 1396 1696 1546; x_wconf 78' lang='lat' dir='ltr'><strong>seueros</strong></span> 
     </span>
     <span class='ocr_line' id='line_1_3' title="bbox 829 1641 1298 1748; baseline -0.002 -1"><span class='ocrx_word' id='word_1_6' title='bbox 829 1641 1109 1747; x_wconf 84' lang='lat' dir='ltr'>CIVIBUS</span> <span class='ocrx_word' id='word_1_7' title='bbox 1149 1641 1198 1748; x_wconf 89' lang='lat' dir='ltr'><strong>S.</strong></span> <span class='ocrx_word' id='word_1_8' title='bbox 1235 1642 1298 1748; x_wconf 91' lang='lat' dir='ltr'><strong>D.</strong></span> 
     </span>
    </p>
   </div>
   <div class='ocr_carea' id='block_1_3' title="bbox 509 1805 1621 2044">
    <p class='ocr_par' dir='ltr' id='par_1_3' title="bbox 509 1805 1621 2044">
     <span class='ocr_line' id='line_1_4' title="bbox 509 1805 1621 1937; baseline 0.002 -18"><span class='ocrx_word' id='word_1_9' title='bbox 509 1805 869 1919; x_wconf 57' lang='lat' dir='ltr'><strong>romu-NE&amp;</strong></span> <span class='ocrx_word' id='word_1_10' title='bbox 899 1853 1315 1920; x_wconf 72' lang='lat' dir='ltr'><strong>MAmflAs</strong></span> <span class='ocrx_word' id='word_1_11' title='bbox 1350 1854 1621 1937; x_wconf 51' lang='lat' dir='ltr'><strong>svm-112,</strong></span> 
     </span>
     <span class='ocr_line' id='line_1_5' title="bbox 811 1975 1319 2044; baseline 0 -18"><span class='ocrx_word' id='word_1_12' title='bbox 811 1975 995 2030; x_wconf 75' lang='lat' dir='ltr'><strong>th&#39;rER-ARUI</strong></span> <span class='ocrx_word' id='word_1_13' title='bbox 1015 1975 1190 2026; x_wconf 73' lang='lat' dir='ltr'>GRAEGARUM</span> <span class='ocrx_word' id='word_1_14' title='bbox 1210 1976 1233 2026; x_wconf 89' lang='lat' dir='ltr'><strong>P.</strong></span> <span class='ocrx_word' id='word_1_15' title='bbox 1244 1975 1277 2044; x_wconf 43' lang='grc' dir='ltr'><strong>ἱΡ.</strong></span> <span class='ocrx_word' id='word_1_16' title='bbox 1297 1975 1319 2026; x_wconf 90' lang='lat'><strong>0.</strong></span> 
     </span>
    </p>
   </div>
   <div class='ocr_carea' id='block_1_4' title="bbox 212 2285 1906 4222">
    <p class='ocr_par' dir='ltr' id='par_1_4' title="bbox 212 2285 1906 4088">
     <span class='ocr_line' id='line_1_6' title="bbox 326 2285 1906 2384; baseline 0.003 -24"><span class='ocrx_word' id='word_1_17' title='bbox 326 2287 543 2362; x_wconf 82' lang='lat' dir='ltr'><strong>saltatorium</strong></span> <span class='ocrx_word' id='word_1_18' title='bbox 570 2307 642 2362; x_wconf 86' lang='lat' dir='ltr'><strong>esse</strong></span> <span class='ocrx_word' id='word_1_19' title='bbox 669 2307 799 2360; x_wconf 78' lang='lat' dir='ltr'><strong>eumen</strong></span> <span class='ocrx_word' id='word_1_20' title='bbox 826 2287 915 2379; x_wconf 87' lang='lat' dir='ltr'><strong>quod</strong></span> <span class='ocrx_word' id='word_1_21' title='bbox 947 2286 983 2360; x_wconf 90' lang='lat' dir='ltr'><strong>in</strong></span> <span class='ocrx_word' id='word_1_22' title='bbox 1009 2285 1182 2384; x_wconf 61' lang='lat' dir='ltr'><strong>Euripidis</strong></span> <span class='ocrx_word' id='word_1_23' title='bbox 1209 2287 1350 2380; x_wconf 74' lang='lat' dir='ltr'><strong>cyclope</strong></span> <span class='ocrx_word' id='word_1_24' title='bbox 1382 2291 1428 2380; x_wconf 83' lang='grc' dir='ltr'><strong>(τ.</strong></span> <span class='ocrx_word' id='word_1_25' title='bbox 1457 2288 1682 2380; x_wconf 70' lang='lat' dir='ltr'><strong>eet-518)</strong></span> <span class='ocrx_word' id='word_1_26' title='bbox 1715 2290 1906 2364; x_wconf 74' lang='lat' dir='ltr'>alternatim</span> 
     </span>
     <span class='ocr_line' id='line_1_7' title="bbox 219 2413 1906 2518; baseline 0.002 -25"><span class='ocrx_word' id='word_1_27' title='bbox 219 2443 240 2493; x_wconf 94' lang='lat' dir='ltr'><strong>a</strong></span> <span class='ocrx_word' id='word_1_28' title='bbox 266 2422 365 2494; x_wconf 88' lang='lat' dir='ltr'><strong>ohoro</strong></span> <span class='ocrx_word' id='word_1_29' title='bbox 394 2424 428 2493; x_wconf 92' lang='lat' dir='ltr'><strong>et</strong></span> <span class='ocrx_word' id='word_1_30' title='bbox 449 2419 653 2513; x_wconf 85' lang='lat' dir='ltr'>Polyphemo</span> <span class='ocrx_word' id='word_1_31' title='bbox 681 2421 834 2492; x_wconf 70' lang='lat' dir='ltr'><strong>annun</strong></span> <span class='ocrx_word' id='word_1_32' title='bbox 861 2441 935 2492; x_wconf 88' lang='lat' dir='ltr'><strong>uum</strong></span> <span class='ocrx_word' id='word_1_33' title='bbox 963 2439 1004 2492; x_wconf 82' lang='lat' dir='ltr'><strong>ex</strong></span> <span class='ocrx_word' id='word_1_34' title='bbox 1031 2417 1124 2492; x_wconf 87' lang='lat' dir='ltr'><strong>ohori</strong></span> <span class='ocrx_word' id='word_1_35' title='bbox 1150 2418 1261 2492; x_wconf 80' lang='lat' dir='ltr'><strong>verbis</strong></span> <span class='ocrx_word' id='word_1_36' title='bbox 1287 2417 1377 2514; x_wconf 77' lang='grc' dir='ltr'><em>φέρε</em></span> <span class='ocrx_word' id='word_1_37' title='bbox 1402 2444 1464 2492; x_wconf 92' lang='grc' dir='ltr'><em>νιν</em></span> <span class='ocrx_word' id='word_1_38' title='bbox 1489 2413 1628 2516; x_wconf 83' lang='grc' dir='ltr'><em>κώμοις</em></span> <span class='ocrx_word' id='word_1_39' title='bbox 1647 2416 1906 2518; x_wconf 79' lang='grc' dir='ltr'><em>παιιλιύοοιμιν</em></span> 
     </span>
     <span class='ocr_line' id='line_1_8' title="bbox 218 2548 1905 2648; baseline 0.002 -24"><span class='ocrx_word' id='word_1_40' title='bbox 218 2559 264 2645; x_wconf 82' lang='lat' dir='ltr'><strong>(v.</strong></span> <span class='ocrx_word' id='word_1_41' title='bbox 293 2555 385 2642; x_wconf 80' lang='lat'>491)</span> <span class='ocrx_word' id='word_1_42' title='bbox 412 2551 640 2646; x_wconf 81' lang='lat' dir='ltr'><strong>intellegitur,</strong></span> <span class='ocrx_word' id='word_1_43' title='bbox 667 2550 728 2624; x_wconf 92' lang='lat' dir='ltr'><strong>ubi</strong></span> <span class='ocrx_word' id='word_1_44' title='bbox 753 2557 891 2646; x_wconf 79' lang='grc' dir='ltr'><em>κῶμοι,</em></span> <span class='ocrx_word' id='word_1_45' title='bbox 925 2572 1001 2624; x_wconf 91' lang='lat' dir='ltr'><strong>oum</strong></span> <span class='ocrx_word' id='word_1_46' title='bbox 1027 2551 1071 2624; x_wconf 86' lang='lat' dir='ltr'><strong>ed</strong></span> <span class='ocrx_word' id='word_1_47' title='bbox 1095 2551 1160 2624; x_wconf 90' lang='lat' dir='ltr'><strong>hoo</strong></span> <span class='ocrx_word' id='word_1_48' title='bbox 1186 2549 1297 2643; x_wconf 89' lang='lat' dir='ltr'><strong>ipsum</strong></span> <span class='ocrx_word' id='word_1_49' title='bbox 1325 2549 1413 2642; x_wconf 91' lang='lat' dir='ltr'><strong>quod</strong></span> <span class='ocrx_word' id='word_1_50' title='bbox 1439 2548 1628 2644; x_wconf 83' lang='lat' dir='ltr'><strong>insequitur</strong></span> <span class='ocrx_word' id='word_1_51' title='bbox 1655 2574 1786 2626; x_wconf 87' lang='lat' dir='ltr'><strong>oarmen</strong></span> <span class='ocrx_word' id='word_1_52' title='bbox 1813 2575 1905 2648; x_wconf 79' lang='lat' dir='ltr'><strong>spee</strong></span> 
     </span>
     <span class='ocr_line' id='line_1_9' title="bbox 217 2682 1906 2780; baseline 0.002 -23"><span class='ocrx_word' id='word_1_53' title='bbox 217 2689 327 2774; x_wconf 89' lang='lat' dir='ltr'><strong>tetur,</strong></span> <span class='ocrx_word' id='word_1_54' title='bbox 367 2685 408 2758; x_wconf 89' lang='lat' dir='ltr'><strong>de</strong></span> <span class='ocrx_word' id='word_1_55' title='bbox 434 2684 665 2758; x_wconf 77' lang='lat' dir='ltr'><strong>comissatione</strong></span> <span class='ocrx_word' id='word_1_56' title='bbox 692 2683 774 2756; x_wconf 82' lang='lat' dir='ltr'><strong>dieti</strong></span> <span class='ocrx_word' id='word_1_57' title='bbox 801 2703 873 2756; x_wconf 89' lang='lat' dir='ltr'><strong>esse</strong></span> <span class='ocrx_word' id='word_1_58' title='bbox 904 2685 1095 2774; x_wconf 88' lang='lat' dir='ltr'><strong>nequeunt,</strong></span> <span class='ocrx_word' id='word_1_59' title='bbox 1139 2682 1197 2755; x_wconf 87' lang='lat' dir='ltr'><strong>sed</strong></span> <span class='ocrx_word' id='word_1_60' title='bbox 1231 2685 1365 2754; x_wconf 87' lang='lat' dir='ltr'><strong>eentum</strong></span> <span class='ocrx_word' id='word_1_61' title='bbox 1400 2704 1418 2756; x_wconf 92' lang='lat' dir='ltr'><strong>o</strong></span> <span class='ocrx_word' id='word_1_62' title='bbox 1510 2683 1686 2758; x_wconf 76' lang='lat' dir='ltr'><strong>saltatione</strong></span> <span class='ocrx_word' id='word_1_63' title='bbox 1714 2685 1906 2780; x_wconf 78' lang='lat' dir='ltr'><strong>significent</strong></span> 
     </span>
     <span class='ocr_line' id='line_1_10' title="bbox 217 2809 1905 2912; baseline -0.001 -21"><span class='ocrx_word' id='word_1_64' title='bbox 217 2809 578 2909; x_wconf 74' lang='grc' dir='ltr'><strong>(οῑ.Ρο11.Ν99ἦν</strong></span> <span class='ocrx_word' id='word_1_65' title='bbox 606 2811 646 2888; x_wconf 73' lang='grc' dir='ltr'><strong>δὲ</strong></span> <span class='ocrx_word' id='word_1_66' title='bbox 674 2812 736 2886; x_wconf 85' lang='grc' dir='ltr'><strong>καὶ</strong></span> <span class='ocrx_word' id='word_1_67' title='bbox 763 2819 888 2908; x_wconf 82' lang='grc' dir='ltr'><strong><em>κῶμος</em></strong></span> <span class='ocrx_word' id='word_1_68' title='bbox 915 2811 1011 2896; x_wconf 73' lang='grc' dir='ltr'><em>εἶδος</em></span> <span class='ocrx_word' id='word_1_69' title='bbox 1038 2809 1233 2910; x_wconf 78' lang='grc' dir='ltr'><em>ὀρχήσεως,</em></span> <span class='ocrx_word' id='word_1_70' title='bbox 1261 2813 1405 2908; x_wconf 80' lang='lat' dir='ltr'><strong>Hesych.</strong></span> <span class='ocrx_word' id='word_1_71' title='bbox 1483 2836 1570 2909; x_wconf 85' lang='grc' dir='ltr'><em>μος·</em></span> <span class='ocrx_word' id='word_1_72' title='bbox 1599 2811 1695 2897; x_wconf 67' lang='lat' dir='ltr'><strong>siries</strong></span> <span class='ocrx_word' id='word_1_73' title='bbox 1722 2813 1905 2912; x_wconf 84' lang='grc' dir='ltr'><em>ὀρχήσεως</em></span> 
     </span>
     <span class='ocr_line' id='line_1_11' title="bbox 218 2941 1906 3042; baseline 0.001 -24"><span class='ocrx_word' id='word_1_74' title='bbox 218 2945 243 3040; x_wconf 82' lang='grc' dir='ltr'>ἢ</span> <span class='ocrx_word' id='word_1_75' title='bbox 276 2948 409 3042; x_wconf 78' lang='grc' dir='ltr'><em>μέλους</em></span> <span class='ocrx_word' id='word_1_76' title='bbox 435 2941 551 3031; x_wconf 84' lang='grc' dir='ltr'><em>τινός,</em></span> <span class='ocrx_word' id='word_1_77' title='bbox 587 2948 686 3020; x_wconf 83' lang='lat' dir='ltr'><strong>Phot.</strong></span> <span class='ocrx_word' id='word_1_78' title='bbox 713 2953 852 3042; x_wconf 91' lang='grc' dir='ltr'><em>κῶμος·</em></span> <span class='ocrx_word' id='word_1_79' title='bbox 889 2943 985 3027; x_wconf 68' lang='lat' dir='ltr'><strong>eicior</strong></span> <span class='ocrx_word' id='word_1_80' title='bbox 1012 2941 1214 3040; x_wconf 82' lang='grc' dir='ltr'><em>ὀρχήσεως,</em></span> <span class='ocrx_word' id='word_1_81' title='bbox 1250 2945 1343 3018; x_wconf 83' lang='lat' dir='ltr'><strong>Suid.</strong></span> <span class='ocrx_word' id='word_1_82' title='bbox 1380 2952 1515 3036; x_wconf 88' lang='grc' dir='ltr'><em>κῶμοι·</em></span> <span class='ocrx_word' id='word_1_83' title='bbox 1553 2943 1649 3042; x_wconf 73' lang='grc' dir='ltr'><strong>ᾠδαὶ</strong></span> <span class='ocrx_word' id='word_1_84' title='bbox 1684 2945 1708 3040; x_wconf 80' lang='grc' dir='ltr'><strong><em>ἢ</em></strong></span> <span class='ocrx_word' id='word_1_85' title='bbox 1741 2944 1906 3042; x_wconf 78' lang='grc' dir='ltr'><strong><em>ὀρχήσεις</em></strong></span> 
     </span>
     <span class='ocr_line' id='line_1_12' title="bbox 218 3073 1904 3174; baseline 0.001 -24"><span class='ocrx_word' id='word_1_86' title='bbox 218 3075 312 3174; x_wconf 79' lang='grc' dir='ltr'><em>μετὰ</em></span> <span class='ocrx_word' id='word_1_87' title='bbox 338 3077 477 3172; x_wconf 75' lang='grc' dir='ltr'><em>μέθης,</em></span> <span class='ocrx_word' id='word_1_88' title='bbox 517 3078 626 3170; x_wconf 77' lang='lat' dir='ltr'><strong>Etyn.</strong></span> <span class='ocrx_word' id='word_1_89' title='bbox 654 3101 765 3172; x_wconf 82' lang='lat' dir='ltr'><strong>magn.</strong></span> <span class='ocrx_word' id='word_1_90' title='bbox 795 3077 881 3163; x_wconf 79' lang='lat'>550,</span> <span class='ocrx_word' id='word_1_91' title='bbox 910 3079 958 3149; x_wconf 88' lang='grc'><strong>49</strong></span> <span class='ocrx_word' id='word_1_92' title='bbox 989 3084 1128 3172; x_wconf 86' lang='grc' dir='ltr'><em>κῶμος·</em></span> <span class='ocrx_word' id='word_1_93' title='bbox 1157 3074 1253 3159; x_wconf 65' lang='lat' dir='ltr'><strong>eiius·</strong></span> <span class='ocrx_word' id='word_1_94' title='bbox 1280 3073 1480 3172; x_wconf 81' lang='grc' dir='ltr'><em>ὀρχήσεως,</em></span> <span class='ocrx_word' id='word_1_95' title='bbox 1509 3077 1543 3150; x_wconf 86' lang='grc' dir='ltr'><strong>οἱ</strong></span> <span class='ocrx_word' id='word_1_96' title='bbox 1570 3074 1611 3150; x_wconf 69' lang='lat' dir='ltr'><strong>att</strong></span> <span class='ocrx_word' id='word_1_97' title='bbox 1637 3079 1789 3172; x_wconf 80' lang='grc' dir='ltr'><em>μέλους,</em></span> <span class='ocrx_word' id='word_1_98' title='bbox 1823 3081 1904 3152; x_wconf 83' lang='grc' dir='ltr'><em>Ζοῐι.</em></span> 
     </span>
     <span class='ocr_line' id='line_1_13' title="bbox 217 3203 1906 3306; baseline 0.002 -25"><span class='ocrx_word' id='word_1_99' title='bbox 217 3215 360 3304; x_wconf 80' lang='grc' dir='ltr'><em>κῶμος·</em></span> <span class='ocrx_word' id='word_1_100' title='bbox 388 3206 411 3300; x_wconf 85' lang='grc' dir='ltr'>ἡ</span> <span class='ocrx_word' id='word_1_101' title='bbox 438 3207 515 3302; x_wconf 83' lang='grc' dir='ltr'><em>μετ’</em></span> <span class='ocrx_word' id='word_1_102' title='bbox 544 3204 728 3303; x_wconf 81' lang='grc' dir='ltr'><em>ὀρχήσεως</em></span> <span class='ocrx_word' id='word_1_103' title='bbox 754 3203 859 3306; x_wconf 76' lang='grc' dir='ltr'>ᾠδή),</span> <span class='ocrx_word' id='word_1_104' title='bbox 886 3213 958 3280; x_wconf 89' lang='lat' dir='ltr'><strong>tum</strong></span> <span class='ocrx_word' id='word_1_105' title='bbox 986 3211 1148 3300; x_wconf 79' lang='lat' dir='ltr'><strong>quantum</strong></span> <span class='ocrx_word' id='word_1_106' title='bbox 1170 3210 1212 3281; x_wconf 89' lang='lat' dir='ltr'><strong>ad</strong></span> <span class='ocrx_word' id='word_1_107' title='bbox 1228 3208 1423 3302; x_wconf 51' lang='lat' dir='ltr'><strong>Polyphemi</strong></span> <span class='ocrx_word' id='word_1_108' title='bbox 1442 3214 1570 3301; x_wconf 89' lang='lat' dir='ltr'><strong>partem</strong></span> <span class='ocrx_word' id='word_1_109' title='bbox 1588 3209 1708 3282; x_wconf 86' lang='lat' dir='ltr'><strong>attinet</strong></span> <span class='ocrx_word' id='word_1_110' title='bbox 1726 3211 1906 3286; x_wconf 77' lang='lat' dir='ltr'><strong>scholiasta</strong></span> 
     </span>
     <span class='ocr_line' id='line_1_14' title="bbox 219 3335 1906 3441; baseline 0.003 -31"><span class='ocrx_word' id='word_1_111' title='bbox 219 3339 387 3412; x_wconf 80' lang='lat' dir='ltr'><strong>Theoeriti</strong></span> <span class='ocrx_word' id='word_1_112' title='bbox 414 3343 568 3428; x_wconf 86' lang='lat' dir='ltr'><strong>testetur,</strong></span> <span class='ocrx_word' id='word_1_113' title='bbox 595 3340 652 3432; x_wconf 91' lang='lat' dir='ltr'><strong>qui</strong></span> <span class='ocrx_word' id='word_1_114' title='bbox 680 3343 747 3414; x_wconf 89' lang='lat' dir='ltr'><strong>hue</strong></span> <span class='ocrx_word' id='word_1_115' title='bbox 773 3339 844 3413; x_wconf 92' lang='lat' dir='ltr'><strong>sine</strong></span> <span class='ocrx_word' id='word_1_116' title='bbox 871 3339 972 3412; x_wconf 89' lang='lat' dir='ltr'><strong>dubio</strong></span> <span class='ocrx_word' id='word_1_117' title='bbox 999 3339 1179 3432; x_wconf 80' lang='lat' dir='ltr'><strong>respiciens</strong></span> <span class='ocrx_word' id='word_1_118' title='bbox 1206 3341 1248 3412; x_wconf 90' lang='lat' dir='ltr'><strong>ad</strong></span> <span class='ocrx_word' id='word_1_119' title='bbox 1275 3339 1343 3412; x_wconf 84' lang='lat' dir='ltr'><strong>VH</strong></span> <span class='ocrx_word' id='word_1_120' title='bbox 1372 3343 1438 3413; x_wconf 80' lang='lat'><strong>151</strong></span> <span class='ocrx_word' id='word_1_121' title='bbox 1465 3363 1514 3434; x_wconf 84' lang='lat' dir='ltr'><strong>sq.</strong></span> <span class='ocrx_word' id='word_1_122' title='bbox 1542 3335 1616 3436; x_wconf 77' lang='grc' dir='ltr'><strong>ἆρά</strong></span> <span class='ocrx_word' id='word_1_123' title='bbox 1643 3341 1688 3441; x_wconf 76' lang='grc' dir='ltr'><strong>με’</strong></span> <span class='ocrx_word' id='word_1_124' title='bbox 1712 3370 1763 3438; x_wconf 82' lang='grc' dir='ltr'><strong>πᾳ</strong></span> <span class='ocrx_word' id='word_1_125' title='bbox 1791 3349 1906 3436; x_wconf 81' lang='grc' dir='ltr'><em>τῆνον</em></span> 
     </span>
     <span class='ocr_line' id='line_1_15' title="bbox 218 3465 1905 3570; baseline 0.001 -28"><span class='ocrx_word' id='word_1_126' title='bbox 218 3467 285 3542; x_wconf 85' lang='grc' dir='ltr'><strong>τὸν</strong></span> <span class='ocrx_word' id='word_1_127' title='bbox 302 3469 457 3563; x_wconf 73' lang='grc' dir='ltr'><em>ποιμένα</em></span> <span class='ocrx_word' id='word_1_128' title='bbox 486 3468 553 3544; x_wconf 84' lang='grc' dir='ltr'><strong>τὸν</strong></span> <span class='ocrx_word' id='word_1_129' title='bbox 579 3469 665 3543; x_wconf 75' lang='grc' dir='ltr'><em>ποτ’</em></span> <span class='ocrx_word' id='word_1_130' title='bbox 690 3465 836 3567; x_wconf 77' lang='grc' dir='ltr'><em>Ἀνάπιμ</em></span> <span class='ocrx_word' id='word_1_131' title='bbox 853 3513 898 3524; x_wconf 97' lang='grc'>-</span> <span class='ocrx_word' id='word_1_132' title='bbox 920 3476 1023 3544; x_wconf 83' lang='grc' dir='ltr'><em>τοῖον</em></span> <span class='ocrx_word' id='word_1_133' title='bbox 1040 3469 1173 3566; x_wconf 76' lang='grc' dir='ltr'><em>νέκταρ</em></span> <span class='ocrx_word' id='word_1_134' title='bbox 1201 3473 1316 3544; x_wconf 73' lang='grc' dir='ltr'><em>ἔπεισε</em></span> <span class='ocrx_word' id='word_1_135' title='bbox 1342 3472 1430 3546; x_wconf 72' lang='grc' dir='ltr'><em>κατ’</em></span> <span class='ocrx_word' id='word_1_136' title='bbox 1458 3471 1568 3546; x_wconf 87' lang='grc' dir='ltr'><em>αῦλία</em></span> <span class='ocrx_word' id='word_1_137' title='bbox 1596 3471 1706 3546; x_wconf 79' lang='grc' dir='ltr'><em>ποσσὶ</em></span> <span class='ocrx_word' id='word_1_138' title='bbox 1728 3480 1905 3570; x_wconf 73' lang='grc' dir='ltr'><em>χορεῦσαι</em></span> 
     </span>
     <span class='ocr_line' id='line_1_16' title="bbox 218 3597 1905 3704; baseline 0.002 -32"><span class='ocrx_word' id='word_1_139' title='bbox 218 3603 301 3673; x_wconf 80' lang='lat' dir='ltr'><strong>haee</strong></span> <span class='ocrx_word' id='word_1_140' title='bbox 333 3601 521 3674; x_wconf 76' lang='lat' dir='ltr'><strong>adnotavit:</strong></span> <span class='ocrx_word' id='word_1_141' title='bbox 566 3599 609 3675; x_wconf 82' lang='grc' dir='ltr'><strong>τὸ</strong></span> <span class='ocrx_word' id='word_1_142' title='bbox 645 3597 685 3674; x_wconf 78' lang='grc' dir='ltr'><strong>δὲ</strong></span> <span class='ocrx_word' id='word_1_143' title='bbox 716 3609 894 3696; x_wconf 74' lang='grc' dir='ltr'><em>χορεῦσαι</em></span> <span class='ocrx_word' id='word_1_144' title='bbox 929 3599 995 3674; x_wconf 88' lang='grc' dir='ltr'><strong>τόν</strong></span> <span class='ocrx_word' id='word_1_145' title='bbox 1022 3597 1208 3676; x_wconf 77' lang='grc' dir='ltr'><em>Κύκλωπα</em></span> <span class='ocrx_word' id='word_1_146' title='bbox 1237 3606 1274 3687; x_wconf 80' lang='grc' dir='ltr'><strong>ἐξ</strong></span> <span class='ocrx_word' id='word_1_147' title='bbox 1301 3601 1506 3698; x_wconf 76' lang='grc' dir='ltr'><em>Εὐριπίδου</em></span> <span class='ocrx_word' id='word_1_148' title='bbox 1533 3599 1740 3704; x_wconf 73' lang='grc' dir='ltr'><em>μετήνεγκε.</em></span> <span class='ocrx_word' id='word_1_149' title='bbox 1794 3601 1905 3696; x_wconf 79' lang='lat' dir='ltr'><strong>Atque</strong></span> 
     </span>
     <span class='ocr_line' id='line_1_17' title="bbox 218 3731 1905 3826; baseline 0.002 -22"><span class='ocrx_word' id='word_1_150' title='bbox 218 3732 261 3804; x_wconf 85' lang='lat' dir='ltr'><strong>ed</strong></span> <span class='ocrx_word' id='word_1_151' title='bbox 296 3731 441 3804; x_wconf 60' lang='lat' dir='ltr'><strong>solandi</strong></span> <span class='ocrx_word' id='word_1_152' title='bbox 475 3733 624 3826; x_wconf 80' lang='lat' dir='ltr'><strong>vigorem</strong></span> <span class='ocrx_word' id='word_1_153' title='bbox 659 3732 831 3826; x_wconf 86' lang='lat' dir='ltr'><strong>aptissima</strong></span> <span class='ocrx_word' id='word_1_154' title='bbox 864 3737 915 3804; x_wconf 88' lang='lat' dir='ltr'><strong>est</strong></span> <span class='ocrx_word' id='word_1_155' title='bbox 947 3755 1014 3805; x_wconf 94' lang='lat' dir='ltr'><strong>non</strong></span> <span class='ocrx_word' id='word_1_156' title='bbox 1051 3734 1158 3806; x_wconf 89' lang='lat' dir='ltr'><strong>solum</strong></span> <span class='ocrx_word' id='word_1_157' title='bbox 1192 3735 1281 3808; x_wconf 85' lang='lat' dir='ltr'><strong>laeta</strong></span> <span class='ocrx_word' id='word_1_158' title='bbox 1314 3735 1471 3808; x_wconf 89' lang='lat' dir='ltr'><strong>orationis</strong></span> <span class='ocrx_word' id='word_1_159' title='bbox 1499 3735 1678 3823; x_wconf 79' lang='lat' dir='ltr'><strong>festivitas,</strong></span> <span class='ocrx_word' id='word_1_160' title='bbox 1720 3735 1905 3808; x_wconf 87' lang='lat' dir='ltr'><strong>sedetiam</strong></span> 
     </span>
     <span class='ocr_line' id='line_1_18' title="bbox 217 3862 1904 3960; baseline 0.003 -26"><span class='ocrx_word' id='word_1_161' title='bbox 217 3862 387 3936; x_wconf 75' lang='lat' dir='ltr'><strong>incitatior</strong></span> <span class='ocrx_word' id='word_1_162' title='bbox 420 3864 569 3956; x_wconf 81' lang='lat' dir='ltr'><strong>rhythmi</strong></span> <span class='ocrx_word' id='word_1_163' title='bbox 592 3863 702 3938; x_wconf 82' lang='lat' dir='ltr'><strong>¹ionici</strong></span> <span class='ocrx_word' id='word_1_164' title='bbox 739 3885 865 3937; x_wconf 82' lang='lat' dir='ltr'><strong>eureus.</strong></span> <span class='ocrx_word' id='word_1_165' title='bbox 920 3864 967 3936; x_wconf 82' lang='lat' dir='ltr'><strong>cf.</strong></span> <span class='ocrx_word' id='word_1_166' title='bbox 1001 3865 1087 3936; x_wconf 91' lang='lat' dir='ltr'><strong>Poll.</strong></span> <span class='ocrx_word' id='word_1_167' title='bbox 1115 3865 1164 3937; x_wconf 84' lang='lat' dir='ltr'><strong>IV</strong></span> <span class='ocrx_word' id='word_1_168' title='bbox 1196 3865 1268 3938; x_wconf 87' lang='lat'><strong>103</strong></span> <span class='ocrx_word' id='word_1_169' title='bbox 1297 3863 1339 3939; x_wconf 86' lang='grc' dir='ltr'><strong>τὸ</strong></span> <span class='ocrx_word' id='word_1_170' title='bbox 1372 3862 1412 3938; x_wconf 72' lang='lat' dir='ltr'><strong>ria*</strong></span> <span class='ocrx_word' id='word_1_171' title='bbox 1441 3862 1599 3939; x_wconf 81' lang='grc' dir='ltr'><em>Ἰωνικὸν</em></span> <span class='ocrx_word' id='word_1_172' title='bbox 1622 3863 1804 3960; x_wconf 73' lang='grc' dir='ltr'><em>Ἀρτέμιιλι</em></span> <span class='ocrx_word' id='word_1_173' title='bbox 1832 3865 1904 3960; x_wconf 87' lang='grc' dir='ltr'><strong>ῶρ-</strong></span> 
     </span>
     <span class='ocr_line' id='line_1_19' title="bbox 212 3991 1302 4088; baseline 0.002 -22"><span class='ocrx_word' id='word_1_174' title='bbox 212 4000 353 4086; x_wconf 88' lang='grc' dir='ltr'><em>χοῦντο</em></span> <span class='ocrx_word' id='word_1_175' title='bbox 381 4002 602 4066; x_wconf 75' lang='grc' dir='ltr'><em>Σικελιῶται</em></span> <span class='ocrx_word' id='word_1_176' title='bbox 628 3991 788 4088; x_wconf 79' lang='grc' dir='ltr'><em>μάλιστα</em></span> <span class='ocrx_word' id='word_1_177' title='bbox 816 3998 850 4068; x_wconf 79' lang='lat' dir='ltr'><strong>et</strong></span> <span class='ocrx_word' id='word_1_178' title='bbox 877 3995 1014 4068; x_wconf 76' lang='lat' dir='ltr'><strong>Christii</strong></span> <span class='ocrx_word' id='word_1_179' title='bbox 1041 3995 1136 4068; x_wconf 85' lang='lat' dir='ltr'><strong>Metr.</strong></span> <span class='ocrx_word' id='word_1_180' title='bbox 1165 3999 1186 4088; x_wconf 66' lang='grc' dir='ltr'><strong>ἓ</strong></span> <span class='ocrx_word' id='word_1_181' title='bbox 1217 3997 1302 4068; x_wconf 84' lang='grc'>664.</span> 
     </span>
    </p>

    <p class='ocr_par' dir='ltr' id='par_1_5' title="bbox 322 4122 1807 4222">
     <span class='ocr_line' id='line_1_20' title="bbox 322 4122 1807 4222; baseline 0.002 -26"><span class='ocrx_word' id='word_1_182' title='bbox 322 4125 393 4216; x_wconf 87' lang='lat' dir='ltr'><strong>Ipsi</strong></span> <span class='ocrx_word' id='word_1_183' title='bbox 420 4125 558 4198; x_wconf 82' lang='lat' dir='ltr'><strong>carmini</strong></span> <span class='ocrx_word' id='word_1_184' title='bbox 585 4125 768 4218; x_wconf 85' lang='lat' dir='ltr'><strong>praemissa</strong></span> <span class='ocrx_word' id='word_1_185' title='bbox 794 4131 874 4199; x_wconf 89' lang='lat' dir='ltr'><strong>sunt</strong></span> <span class='ocrx_word' id='word_1_186' title='bbox 901 4129 983 4200; x_wconf 88' lang='lat' dir='ltr'><strong>haee</strong></span> <span class='ocrx_word' id='word_1_187' title='bbox 1009 4127 1074 4199; x_wconf 86' lang='lat' dir='ltr'><strong>duo</strong></span> <span class='ocrx_word' id='word_1_188' title='bbox 1103 4122 1321 4221; x_wconf 87' lang='grc' dir='ltr'><em>συστήματα</em></span> <span class='ocrx_word' id='word_1_189' title='bbox 1350 4128 1386 4210; x_wconf 80' lang='grc' dir='ltr'><strong>ἐξ</strong></span> <span class='ocrx_word' id='word_1_190' title='bbox 1413 4123 1554 4222; x_wconf 86' lang='grc' dir='ltr'><em>ὁμοίων</em></span> <span class='ocrx_word' id='word_1_191' title='bbox 1581 4128 1807 4222; x_wconf 79' lang='lat' dir='ltr'><strong>anapaestico:</strong></span> 
     </span>
    </p>
   </div>
   <div class='ocr_carea' id='block_1_5' title="bbox 640 4253 1378 4358">
    <p class='ocr_par' dir='ltr' id='par_1_6' title="bbox 640 4253 1378 4358">
     <span class='ocr_line' id='line_1_21' title="bbox 640 4253 1378 4358; baseline 0.001 -28"><span class='ocrx_word' id='word_1_192' title='bbox 640 4259 717 4358; x_wconf 74' lang='grc' dir='ltr'><strong>ὅγε,</strong></span> <span class='ocrx_word' id='word_1_193' title='bbox 745 4254 801 4340; x_wconf 83' lang='grc' dir='ltr'><strong>τίς</strong></span> <span class='ocrx_word' id='word_1_194' title='bbox 828 4265 981 4352; x_wconf 88' lang='grc' dir='ltr'><em>πρῶτος,</em></span> <span class='ocrx_word' id='word_1_195' title='bbox 1008 4256 1064 4341; x_wconf 88' lang='grc' dir='ltr'><strong>τίς</strong></span> <span class='ocrx_word' id='word_1_196' title='bbox 1090 4256 1126 4332; x_wconf 72' lang='lat'><strong>(5⁹</strong></span> <span class='ocrx_word' id='word_1_197' title='bbox 1158 4256 1215 4330; x_wconf 79' lang='grc' dir='ltr'><strong>ἐπὶ</strong></span> <span class='ocrx_word' id='word_1_198' title='bbox 1242 4253 1378 4356; x_wconf 81' lang='grc' dir='ltr'><em>πρώτῳ</em></span> 
     </span>
    </p>
   </div>
   <div class='ocr_carea' id='block_1_6' title="bbox 638 4383 1295 4883">
    <p class='ocr_par' dir='ltr' id='par_1_7' title="bbox 638 4383 1295 4883">
     <span class='ocr_line' id='line_1_22' title="bbox 639 4383 1286 4484; baseline 0 -22"><span class='ocrx_word' id='word_1_199' title='bbox 639 4389 792 4483; x_wconf 75' lang='grc' dir='ltr'><em>ταχθεὶς</em></span> <span class='ocrx_word' id='word_1_200' title='bbox 818 4387 936 4462; x_wconf 85' lang='grc' dir='ltr'><em>ῦαλοῦ</em></span> <span class='ocrx_word' id='word_1_201' title='bbox 962 4386 1090 4483; x_wconf 83' lang='grc' dir='ltr'><em>κώπην</em></span> <span class='ocrx_word' id='word_1_202' title='bbox 1118 4383 1286 4484; x_wconf 78' lang='grc' dir='ltr'><em>ὄχμᾶσας</em></span> 
     </span>
     <span class='ocr_line' id='line_1_23' title="bbox 638 4515 1295 4618; baseline 0.003 -26"><span class='ocrx_word' id='word_1_203' title='bbox 638 4515 840 4603; x_wconf 80' lang='grc' dir='ltr'><em>Κύκλωπος</em></span> <span class='ocrx_word' id='word_1_204' title='bbox 867 4521 938 4594; x_wconf 80' lang='grc' dir='ltr'><strong>ἔσω</strong></span> <span class='ocrx_word' id='word_1_205' title='bbox 964 4516 1168 4618; x_wconf 77' lang='grc' dir='ltr'><em>βλεφάρων</em></span> <span class='ocrx_word' id='word_1_206' title='bbox 1195 4521 1295 4604; x_wconf 82' lang='grc' dir='ltr'><em>ῶσας</em></span> 
     </span>
     <span class='ocr_line' id='line_1_24' title="bbox 638 4647 1185 4748; baseline 0.004 -26"><span class='ocrx_word' id='word_1_207' title='bbox 638 4647 813 4748; x_wconf 78' lang='grc' dir='ltr'><em>λαμπρὰν</em></span> <span class='ocrx_word' id='word_1_208' title='bbox 841 4651 929 4748; x_wconf 81' lang='grc' dir='ltr'><em>ὄψιν</em></span> <span class='ocrx_word' id='word_1_209' title='bbox 958 4648 1185 4740; x_wconf 56' lang='lat' dir='ltr'><strong>&amp;tamaium</strong></span> 
     </span>
     <span class='ocr_line' id='line_1_25' title="bbox 638 4779 1195 4883; baseline 0.005 -28"><span class='ocrx_word' id='word_1_210' title='bbox 638 4779 722 4883; x_wconf 78' lang='grc' dir='ltr'><strong>σίγα</strong></span> <span class='ocrx_word' id='word_1_211' title='bbox 750 4780 843 4883; x_wconf 79' lang='grc' dir='ltr'><em>σίγα.</em></span> <span class='ocrx_word' id='word_1_212' title='bbox 871 4781 934 4856; x_wconf 79' lang='grc' dir='ltr'><strong>καὶ</strong></span> <span class='ocrx_word' id='word_1_213' title='bbox 961 4781 1008 4877; x_wconf 78' lang='grc' dir='ltr'><strong>δὴ</strong></span> <span class='ocrx_word' id='word_1_214' title='bbox 1034 4779 1195 4880; x_wconf 78' lang='grc' dir='ltr'><em>μεθύων</em></span> 
     </span>
    </p>
   </div>
   <div class='ocr_carea' id='block_1_7' title="bbox 0 0 2332 5644">
    <p class='ocr_par' dir='ltr' id='par_1_8' title="bbox 0 0 2332 5644">
     <span class='ocr_line' id='line_1_26' title="bbox 0 0 2332 5644; baseline 0 2"><span class='ocrx_word' id='word_1_215' title='bbox 0 0 2332 5644; x_wconf 95' lang='lat' dir='ltr'><strong> </strong></span> 
     </span>
    </p>
   </div>
  </div>
 </body>
</html>
